% Encoding: UTF-8

############ new added references, format unchecked in this part ##############
@book{rudin1976principles,
  title={Principles of mathematical analysis},
  author={Rudin, Walter and others},
  volume={3},
  year={1976}
}
@book{durrett2019probability,
  title={Probability: theory and examples},
  author={Durrett, Rick},
  volume={49},
  year={2019},
  publisher={Cambridge university press}
}
@book{cover1999elements,
  title={Elements of information theory},
  author={Cover, Thomas M},
  year={2006},
  publisher={John Wiley \& Sons}
}
@book{folland1999real,
  title={Real analysis: modern techniques and their applications},
  author={Folland, Gerald B},
  volume={40},
  year={1999},
  publisher={John Wiley \& Sons}
}
@book{wainwright2019high,
  title={High-dimensional statistics: A non-asymptotic viewpoint},
  author={Wainwright, Martin J},
  volume={48},
  year={2019},
  publisher={Cambridge University Press}
}
@article{mcdiarmid1989method,
  title={On the method of bounded differences},
  author={McDiarmid, Colin and others},
  journal={Surveys in combinatorics},
  volume={141},
  number={1},
  pages={148--188},
  year={1989},
  publisher={Norwich}
}
@book{steele2004cauchy,
  title={The Cauchy-Schwarz master class: an introduction to the art of mathematical inequalities},
  author={Steele, J Michael},
  year={2004},
  publisher={Cambridge University Press}
}
@article{harper1966optimal,
  title={Optimal numberings and isoperimetric problems on graphs},
  author={Harper, Lawrence H},
  journal={Journal of Combinatorial Theory},
  volume={1},
  number={3},
  pages={385--393},
  year={1966},
  publisher={Academic Press}
}
@article{amir1980unconditional,
  title={Unconditional and symmetric sets in n-dimensional normed spaces},
  author={Amir, D and Milman, VD},
  journal={Israel Journal of Mathematics},
  volume={37},
  number={1},
  pages={3--20},
  year={1980},
  publisher={Springer}
}
@article{steele1981complete,
  title={Complete convergence of short paths and Karp's algorithm for the TSP},
  author={Steele, J Michael},
  journal={Mathematics of Operations Research},
  volume={6},
  number={3},
  pages={374--378},
  year={1981},
  publisher={INFORMS}
}
@inproceedings{friedman1989second,
  title={On the second eigenvalue of random regular graphs},
  author={Friedman, Joel and Kahn, Jeff and Szemeredi, Endre},
  booktitle={Proceedings of the twenty-first annual ACM symposium on Theory of computing},
  pages={587--598},
  year={1989}
}
@book{janson2011random,
  title={Random graphs},
  author={Janson, Svante and Luczak, Tomasz and Rucinski, Andrzej},
  volume={45},
  year={2011},
  publisher={John Wiley \& Sons}
}
@book{Statistics,
  title={Mathematical Statistics: Basic Ideas and Selected Topics},
  author={Peter J. Bickel},
  year={2015}
 }
#########################################  checked already ########################################
